<?xml version="1.0" encoding="UTF-8"?><record xmlns="http://www.loc.gov/MARC21/slim" xmlns:cinclude="http://apache.org/cocoon/include/1.0" xmlns:zs="http://www.loc.gov/zing/srw/">
  <leader>00414nz  a2200121n  4500</leader>
  <controlfield tag="001">nr 92001447 </controlfield>
  <controlfield tag="003">DLC</controlfield>
  <controlfield tag="005">19920115101349.8</controlfield>
  <controlfield tag="008">920113n| acannaab|          |n aaa     c</controlfield>
  <datafield tag="010" ind1=" " ind2=" ">
    <subfield code="a">nr 92001447 </subfield>
  </datafield>
  <datafield tag="040" ind1=" " ind2=" ">
    <subfield code="a">NjP</subfield>
    <subfield code="c">NjP</subfield>
  </datafield>
  <datafield tag="100" ind1="1" ind2="0">
    <subfield code="a">SchoĚnwandt, Rudolf,</subfield>
    <subfield code="d">1935-</subfield>
  </datafield>
  <datafield tag="670" ind1=" " ind2=" ">
    <subfield code="a">His German design, c1990:</subfield>
    <subfield code="b">t.p. (Rudolf SchoĚnwandt) p. 183 (b. 1935; silversmith, writes on philosophy and art history, lives and works in Germany)</subfield>
  </datafield>
</record>